@book{mainbook,
    author    = "John Baichtal",
    title     = "Building your own drones: A Beginner’s Guide to Drones, UAVs, and ROVs",
    year      = "2016",
    publisher = "Que Publishing",
    address   = "Indianapolis, Indiana"
}

@misc{whatisadrone,
    author    = "Alexander S. Gillis",
    title     = "What is a drone (UAV)?",
    year      = "07.2024 [cit. 2024-02-14]",
    url       = "https://www.techtarget.com/iotagenda/definition/drone"
}

@misc{motors,
    author    = "Haydon Kerk Pittman",
    title     = "What is the Difference Between a Brush and a Brushless Motor?",
    year      = "[cit. 2024-02-14]",
    url       = "https://www.haydonkerkpittman.com/learningzone/blog/2023/august/what-is-the-difference-between-a-brush-and-a-brushless-motor"
}

@misc{ultimateguide,
    author    = "dakcheungcheng",
    title     = "The Ultimate Guide to Building a Quadcopter From Scratch",
    year      = "[cit. 2024-02-14]",
    url       = "https://www.instructables.com/The-Ultimate-Guide-to-Building-a-Quadcopter-From-S/"
}

@misc{dojo,
    author    = "Caleb Bergquist",
    title     = "How to Build a Drone | A DIY Guide",
    year      = "23.03.2019 [cit. 2024-02-14]",
    url       = "https://dojofordrones.com/build-a-drone/"
}

@misc{nasa,
    author    = "National Aeronautics and Space Administration",
    title     = "Advanced Air Mobility: The Science Behind Quadcopters Reader Student Guide",
    year      = "04.2020 [cit. 2024-02-14]",
    url       = "https://www.nasa.gov/wp-content/uploads/2020/05/aam-science-behind-quadcopters-reader-student-guide_0.pdf"
}

@misc{rozum,
    author    = "Rozum Robotics",
    title     = "Brushless Motor",
    year      = "2019 [cit. 2024-02-14]",
    url       = "https://rozum.com/brushless-motors/"
}

@misc{ram,
    author    = "Mike Bristol",
    title     = "Crossfire 2",
    year      = "26.01.2014 [cit. 2024-02-14]",
    url       = "https://www.thingiverse.com/thing:234867"
}

@misc{be,
    title     = "Bluetooth Electronics",
    url       = "https://www.keuwl.com/apps/bluetoothelectronics/"
}

@misc{fritzing,
    title     = "Fritzing",
    url       = "https://fritzing.org/"
}

@misc{ol,
    author    = "Oscar Liang",
    title     = "CW & CCW Motors – Thread Direction and Prop Nut",
    year      = "02.07 2015 [cit. 2024-02-14]",
    url       = "https://oscarliang.com/propeller-shaft-adapter-nuts-cw-ccw/"
}

@misc{ca,
    author    = "Carbon Aeronautics",
    title     = "Quadcopter build and programming manual",
    year      = "2022 [cit. 2024-02-14]",
    url       = "https://github.com/CarbonAeronautics/Manual-Quadcopter-Drone"
}
